@article{greenwade93,
    author  = "George D. Greenwade",
    title   = "The {C}omprehensive {T}ex {A}rchive {N}etwork ({CTAN})",
    year    = "1993",
    journal = "TUGBoat",
    volume  = "14",
    number  = "3",
    pages   = "342--351"
}
@techreport{LeemonCBaird93,
    author  = "Leemon C. Baird III",
    title   = "Advantage updating. Technical report",
    year    = "1993",
}
@article{SchulmanMLJA15,
  author    = {John Schulman and
               Philipp Moritz and
               Sergey Levine and
               Michael I. Jordan and
               Pieter Abbeel},
  title     = {High-Dimensional Continuous Control Using Generalized Advantage Estimation},
  journal   = {CoRR},
  volume    = {abs/1506.02438},
  year      = {2015},
  url       = {http://arxiv.org/abs/1506.02438},
  archivePrefix = {arXiv},
  eprint    = {1506.02438},
  timestamp = {Wed, 07 Jun 2017 01:00:00 +0200},
  biburl    = {https://dblp.org/rec/bib/journals/corr/SchulmanMLJA15},
  bibsource = {dblp computer science bibliography, https://dblp.org}
}
@book{Sutton:1998:IRL:551283,
 author = {Sutton, Richard S. and Barto, Andrew G.},
 title = {Introduction to Reinforcement Learning},
 year = {1998},
 isbn = {0262193981},
 edition = {1st},
 publisher = {MIT Press},
 address = {Cambridge, MA, USA},
} 
@article{silver2017mastering,
  added-at = {2017-12-15T02:14:58.000+0100},
  author = {Silver, David and Schrittwieser, Julian and Simonyan, Karen and Antonoglou, Ioannis and Huang, Aja and Guez, Arthur and Hubert, Thomas and Baker, Lucas and Lai, Matthew and Bolton, Adrian and Chen, Yutian and Lillicrap, Timothy and Hui, Fan and Sifre, Laurent and van den Driessche, George and Graepel, Thore and Hassabis, Demis},
  biburl = {https://www.bibsonomy.org/bibtex/2ecdfbfcceb55ee5f14c1c375ad71f2cb/achakraborty},
  description = {Mastering the game of Go without human knowledge | Nature},
  interhash = {c45d318e105d0f2d62ccc28c2699d9d4},
  intrahash = {ecdfbfcceb55ee5f14c1c375ad71f2cb},
  journal = {Nature},
  keywords = {2017 deep-learning deepmind google paper reinforcement-learning},
  month = oct,
  pages = {354--},
  publisher = {Macmillan Publishers Limited, part of Springer Nature. All rights reserved.},
  timestamp = {2017-12-15T02:14:58.000+0100},
  title = {Mastering the game of Go without human knowledge},
  url = {http://dx.doi.org/10.1038/nature24270},
  volume = 550,
  year = 2017
}
@article{Silver_2016,
  added-at = {2016-03-11T14:36:05.000+0100},
  author = {Silver, David and Huang, Aja and Maddison, Chris J. and Guez, Arthur and Sifre, Laurent and van den Driessche, George and Schrittwieser, Julian and Antonoglou, Ioannis and Panneershelvam, Veda and Lanctot, Marc and Dieleman, Sander and Grewe, Dominik and Nham, John and Kalchbrenner, Nal and Sutskever, Ilya and Lillicrap, Timothy and Leach, Madeleine and Kavukcuoglu, Koray and Graepel, Thore and Hassabis, Demis},
  biburl = {https://www.bibsonomy.org/bibtex/29e987f58d895c490144693139cbc90c7/ytyoun},
  doi = {10.1038/nature16961},
  interhash = {48430c7891aaf9fe2582faa8f5d076c1},
  intrahash = {9e987f58d895c490144693139cbc90c7},
  journal = {Nature},
  keywords = {baduk go google},
  month = jan,
  number = 7587,
  pages = {484--489},
  publisher = {Nature Publishing Group},
  timestamp = {2016-03-11T14:37:40.000+0100},
  title = {Mastering the Game of {Go} with Deep Neural Networks and Tree Search},
  volume = 529,
  year = 2016
}
@book{hastie_09_elements-of.statistical-learning,
  added-at = {2010-06-03T15:15:09.000+0200},
  author = {Hastie, Trevor and Tibshirani, Robert and Friedman, Jerome},
  biburl = {https://www.bibsonomy.org/bibtex/200d858c0bd2826d4eb5f39450192d1f5/ukoethe},
  edition = 2,
  file = {:Books\\HastieTibshiraniFriedman-09-Elements-of-Statistical-Learning-2nd-edition\\hastie_09_elements-of.statistical-learning.pdf:PDF},
  interhash = {52d1772f39be836e3b298d37b8c0cfa1},
  intrahash = {00d858c0bd2826d4eb5f39450192d1f5},
  keywords = {inference mathmatics dataanalysis method clutering statistics},
  publisher = {Springer},
  timestamp = {2010-06-03T15:15:09.000+0200},
  title = {The elements of statistical learning: data mining, inference and prediction},
  url = {http://www-stat.stanford.edu/~tibs/ElemStatLearn/},
  year = 2009
}
@INPROCEEDINGS{Dearden98bayesianq-learning,
    author = {Richard Dearden and Nir Friedman and Stuart Russell},
    title = {Bayesian Q-learning},
    booktitle = {In AAAI/IAAI},
    year = {1998},
    pages = {761--768},
    publisher = {AAAI Press}
}
@book{Puterman:1994:MDP:528623,
 author = {Puterman, Martin L.},
 title = {Markov Decision Processes: Discrete Stochastic Dynamic Programming},
 year = {1994},
 isbn = {0471619779},
 edition = {1st},
 publisher = {John Wiley \& Sons, Inc.},
 address = {New York, NY, USA},
} 
@book{Bellman:DynamicProgramming,
  author = {Bellman, Richard},
  biburl = {https://www.bibsonomy.org/bibtex/29cdd821222218ded252c8ba5cd712666/pcbouman},
  interhash = {acf948462171ca060064a7ded257a792},
  intrahash = {9cdd821222218ded252c8ba5cd712666},
  isbn = {9780486428093},
  keywords = {book dynamic programming},
  publisher = {Dover Publications},
  timestamp = {2011-08-18T09:10:27.000+0200},
  title = {{Dynamic Programming}},
  year = 1957
}
@book{howard:dynamic60,
  added-at = {2008-02-26T11:58:58.000+0100},
  address = {Cambridge, MA},
  author = {Howard, Ronald A.},
  biburl = {https://www.bibsonomy.org/bibtex/28b7bfb378cc74b8d92415ded9bde44cb/schaul},
  citeulike-article-id = {2377217},
  description = {idsia},
  interhash = {7eed9f4f6bd1f9ee063d80d0f732e48f},
  intrahash = {8b7bfb378cc74b8d92415ded9bde44cb},
  keywords = {nn},
  priority = {2},
  publisher = {MIT Press},
  timestamp = {2008-02-26T12:04:33.000+0100},
  title = {Dynamic Programming and {M}arkov Processes},
  year = 1960
}
@article{Puterman:1978:MPI:2828482.2828486,
 author = {Puterman, Martin L. and Shin, Moon Chirl},
 title = {Modified Policy Iteration Algorithms for Discounted Markov Decision Problems},
 journal = {Manage. Sci.},
 issue_date = {July 1978},
 volume = {24},
 number = {11},
 month = jul,
 year = {1978},
 issn = {0025-1909},
 pages = {1127--1137},
 numpages = {11},
 url = {http://dx.doi.org/10.1287/mnsc.24.11.1127},
 doi = {10.1287/mnsc.24.11.1127},
 acmid = {2828486},
 publisher = {INFORMS},
 address = {Institute for Operations Research and the Management Sciences (INFORMS), Linthicum, Maryland, USA},
} 

@article{Banach1922,
abstract = {Le but de cette note est d'établir quelques théorèmes valables pour différents champs fonctionnels.},
author = {Banach, Stefan},
journal = {Fundamenta Mathematicae},
keywords = {zbierzność funkcji; zbiór I kategorii Baire'a; funkcja całkowalna w sensie Lebesgue'a; zbiór gęsty; operator jednostajnie ciągły; miara Lebesgue'a; operator ciągły; duhamelian; operator addytywny; funkcja mierzalna; funkcja całkowalna w sensie Lebesgue'a z i-tą potęgą; zbiór domknięty; norma; zbiór doskonały; granica ciągu; ciało; funkcja ciągła; kula; punkt skupienia zbioru; funkcja ograniczona},
language = {fre},
number = {1},
pages = {133-181},
title = {Sur les opérations dans les ensembles abstraits et leur application aux équations intégrales},
url = {http://eudml.org/doc/213289},
volume = {3},
year = {1922},
}


@article{DBLP:journals/corr/abs-1301-6718,
  author    = {Yishay Mansour and
               Satinder P. Singh},
  title     = {On the Complexity of Policy Iteration},
  journal   = {CoRR},
  volume    = {abs/1301.6718},
  year      = {2013},
  url       = {http://arxiv.org/abs/1301.6718},
  archivePrefix = {arXiv},
  eprint    = {1301.6718},
  timestamp = {Wed, 07 Jun 2017 14:41:33 +0200},
  biburl    = {https://dblp.org/rec/bib/journals/corr/abs-1301-6718},
  bibsource = {dblp computer science bibliography, https://dblp.org}
}

@article{doi:10.2200/S00426ED1V01Y201206AIM017,
author = {Mausam and Kolobov, Andrey},
title = {Planning with Markov Decision Processes: An AI Perspective},
journal = {Synthesis Lectures on Artificial Intelligence and Machine Learning},
volume = {6},
number = {1},
pages = {1-210},
year = {2012},
doi = {10.2200/S00426ED1V01Y201206AIM017},

URL = { 
        https://doi.org/10.2200/S00426ED1V01Y201206AIM017
    
},
eprint = { 
        https://doi.org/10.2200/S00426ED1V01Y201206AIM017
}
}
@techreport{rummery:cuedtr94,
  added-at = {2008-03-11T14:52:34.000+0100},
  address = {Cambridge, England},
  author = {Rummery, G. A. and Niranjan, M.},
  biburl = {https://www.bibsonomy.org/bibtex/220239f82583859588c96171ccc015e65/idsia},
  citeulike-article-id = {2378892},
  institution = {Cambridge University Engineering Department},
  interhash = {0c7cd3821ad0fe1b39a6ce1b35ec4bc0},
  intrahash = {20239f82583859588c96171ccc015e65},
  keywords = {nn},
  number = {TR 166},
  priority = {2},
  timestamp = {2008-03-11T14:59:39.000+0100},
  title = {On-Line {Q}-Learning Using Connectionist Systems},
  year = 1994
}
@article{Jaakkola:1994:CSI:1362288.1362296,
 author = {Jaakkola, Tommi and Jordan, Michael I. and Singh, Satinder P.},
 title = {On the Convergence of Stochastic Iterative Dynamic Programming Algorithms},
 journal = {Neural Comput.},
 issue_date = {November 1994},
 volume = {6},
 number = {6},
 month = nov,
 year = {1994},
 issn = {0899-7667},
 pages = {1185--1201},
 numpages = {17},
 url = {http://dx.doi.org/10.1162/neco.1994.6.6.1185},
 doi = {10.1162/neco.1994.6.6.1185},
 acmid = {1362296},
 publisher = {MIT Press},
 address = {Cambridge, MA, USA},
} 

@phdthesis{Watkins:89,
  added-at = {2008-03-11T14:52:34.000+0100},
  author = {Watkins, C. J. C. H.},
  biburl = {https://www.bibsonomy.org/bibtex/21ffd549077ea1da7675431a17fa2af03/idsia},
  citeulike-article-id = {2381652},
  interhash = {ca824d64b71939208358edb4a26f8351},
  intrahash = {1ffd549077ea1da7675431a17fa2af03},
  keywords = {juergen},
  priority = {2},
  school = {King's College, Oxford},
  timestamp = {2008-03-11T14:53:51.000+0100},
  title = {Learning from Delayed Rewards},
  year = 1989
}
@article{DBLP:journals/corr/BellemareDM17,
  author    = {Marc G. Bellemare and
               Will Dabney and
               R{\'{e}}mi Munos},
  title     = {A Distributional Perspective on Reinforcement Learning},
  journal   = {CoRR},
  volume    = {abs/1707.06887},
  year      = {2017},
  url       = {http://arxiv.org/abs/1707.06887},
  archivePrefix = {arXiv},
  eprint    = {1707.06887},
  timestamp = {Sat, 05 Aug 2017 14:56:07 +0200},
  biburl    = {https://dblp.org/rec/bib/journals/corr/BellemareDM17},
  bibsource = {dblp computer science bibliography, https://dblp.org}
}
@article{jaquette1973,
author = "Jaquette, Stratton C.",
doi = "10.1214/aos/1176342415",
fjournal = "The Annals of Statistics",
journal = "Ann. Statist.",
month = "05",
number = "3",
pages = "496--505",
publisher = "The Institute of Mathematical Statistics",
title = "Markov Decision Processes with a New Optimality Criterion: Discrete Time",
url = "https://doi.org/10.1214/aos/1176342415",
volume = "1",
year = "1973"
}
@article{articleSobel,
author = {Sobel, Matthew},
year = {1982},
month = {12},
pages = {794-802},
title = {The variance of discounted Markov decision processes},
volume = {19},
booktitle = {Journal of Applied Probability}
}
@inproceedings{Morimura:2010:NRD:3104322.3104424,
 author = {Morimura, Tetsuro and Sugiyama, Masashi and Kashima, Hisashi and Hachiya, Hirotaka and Tanaka, Toshiyuki},
 title = {Nonparametric Return Distribution Approximation for Reinforcement Learning},
 booktitle = {Proceedings of the 27th International Conference on International Conference on Machine Learning},
 series = {ICML'10},
 year = {2010},
 isbn = {978-1-60558-907-7},
 location = {Haifa, Israel},
 pages = {799--806},
 numpages = {8},
 url = {http://dl.acm.org/citation.cfm?id=3104322.3104424},
 acmid = {3104424},
 publisher = {Omnipress},
 address = {USA},
} 
@techreport{Thrun92efficientexploration,
    author = {Sebastian B. Thrun},
    title = {Efficient Exploration In Reinforcement Learning},
    institution = {},
    year = {1992}
}
@article{Kearns:2002:NRL:599616.599699,
 author = {Kearns, Michael and Singh, Satinder},
 title = {Near-Optimal Reinforcement Learning in Polynomial Time},
 journal = {Mach. Learn.},
 issue_date = {November-December 2002},
 volume = {49},
 number = {2-3},
 month = nov,
 year = {2002},
 issn = {0885-6125},
 pages = {209--232},
 numpages = {24},
 url = {https://doi.org/10.1023/A:1017984413808},
 doi = {10.1023/A:1017984413808},
 acmid = {599699},
 publisher = {Kluwer Academic Publishers},
 address = {Hingham, MA, USA},
 keywords = {Markov decision processes, exploration versus exploitation, reinforcement learning},
} 
@inproceedings{DBLP:conf/icml/KakadeKL03,
  author    = {Sham Kakade and
               Michael J. Kearns and
               John Langford},
  title     = {Exploration in Metric State Spaces},
  booktitle = {Machine Learning, Proceedings of the Twentieth International Conference
               {(ICML} 2003), August 21-24, 2003, Washington, DC, {USA}},
  pages     = {306--312},
  year      = {2003},
  crossref  = {DBLP:conf/icml/2003},
  url       = {http://www.aaai.org/Library/ICML/2003/icml03-042.php},
  timestamp = {Sat, 06 Jan 2018 00:00:00 +0100},
  biburl    = {https://dblp.org/rec/bib/conf/icml/KakadeKL03},
  bibsource = {dblp computer science bibliography, https://dblp.org}
}
@article{KLMSurvey,
    author = "Leslie Pack Kaelbling and Michael L. Littman and Andrew P. Moore",
    title = "Reinforcement Learning: A Survey",
    journal = "Journal of Artificial Intelligence Research",
    volume = "4",
    pages = "237-285",
    year = "1996",
url={http://people.csail.mit.edu/lpk/papers/rl-survey.ps}}
@book{kaelbling1993learning,
  title={Learning in Embedded Systems},
  author={Kaelbling, L.P.},
  isbn={9780262111744},
  lccn={lc92024672},
  series={A Bradford book},
  url={https://books.google.al/books?id=WiN53ZYd0kgC},
  year={1993},
  publisher={MIT Press}
}
@article{DBLP:journals/sigart/Sutton91,
  author    = {Richard S. Sutton},
  title     = {Dyna, an Integrated Architecture for Learning, Planning, and Reacting},
  journal   = {{SIGART} Bulletin},
  volume    = {2},
  number    = {4},
  pages     = {160--163},
  year      = {1991},
  url       = {http://doi.acm.org/10.1145/122344.122377},
  doi       = {10.1145/122344.122377},
  timestamp = {Tue, 06 Dec 2011 00:00:00 +0100},
  biburl    = {https://dblp.org/rec/bib/journals/sigart/Sutton91},
  bibsource = {dblp computer science bibliography, https://dblp.org}
}
@article{Brafman:2003:RGP:944919.944928,
 author = {Brafman, Ronen I. and Tennenholtz, Moshe},
 title = {R-max - a General Polynomial Time Algorithm for Near-optimal Reinforcement Learning},
 journal = {J. Mach. Learn. Res.},
 issue_date = {3/1/2003},
 volume = {3},
 month = mar,
 year = {2003},
 issn = {1532-4435},
 pages = {213--231},
 numpages = {19},
 url = {https://doi.org/10.1162/153244303765208377},
 doi = {10.1162/153244303765208377},
 acmid = {944928},
 publisher = {JMLR.org},
 keywords = {Markov decision processes, learning in games, provably efficient learning, reinforcement learning, stochastic games},
} 
@incollection{NIPS2006_3052,
title = {Logarithmic Online Regret Bounds for Undiscounted Reinforcement Learning},
author = {Peter Auer and Ronald Ortner},
booktitle = {Advances in Neural Information Processing Systems 19},
editor = {B. Sch\"{o}lkopf and J. C. Platt and T. Hoffman},
pages = {49--56},
year = {2007},
publisher = {MIT Press},
url = {http://papers.nips.cc/paper/3052-logarithmic-online-regret-bounds-for-undiscounted-reinforcement-learning.pdf}
}
@article{Jaksch:2010:NRB:1756006.1859902,
 author = {Jaksch, Thomas and Ortner, Ronald and Auer, Peter},
 title = {Near-optimal Regret Bounds for Reinforcement Learning},
 journal = {J. Mach. Learn. Res.},
 issue_date = {3/1/2010},
 volume = {11},
 month = aug,
 year = {2010},
 issn = {1532-4435},
 pages = {1563--1600},
 numpages = {38},
 url = {http://dl.acm.org/citation.cfm?id=1756006.1859902},
 acmid = {1859902},
 publisher = {JMLR.org},
} 
@inproceedings{Strehl:2006:PMR:1143844.1143955,
 author = {Strehl, Alexander L. and Li, Lihong and Wiewiora, Eric and Langford, John and Littman, Michael L.},
 title = {PAC Model-free Reinforcement Learning},
 booktitle = {Proceedings of the 23rd International Conference on Machine Learning},
 series = {ICML '06},
 year = {2006},
 isbn = {1-59593-383-2},
 location = {Pittsburgh, Pennsylvania, USA},
 pages = {881--888},
 numpages = {8},
 url = {http://doi.acm.org/10.1145/1143844.1143955},
 doi = {10.1145/1143844.1143955},
 acmid = {1143955},
 publisher = {ACM},
 address = {New York, NY, USA},
} 
@ARTICLE{4082064,
author={R. A. Howard},
journal={IEEE Transactions on Systems Science and Cybernetics},
title={Information Value Theory},
year={1966},
volume={2},
number={1},
pages={22-26},
keywords={Uncertainty;Random variables;Systems engineering and theory;Information theory;Economic forecasting;Boundary conditions;Linear systems;Logic;State-space methods;Stress measurement},
doi={10.1109/TSSC.1966.300074},
ISSN={0536-1567},
month={Aug},}
@book{degroot2012probability,
  title={Probability and Statistics},
  author={DeGroot, M.H. and Schervish, M.J.},
  isbn={9780321500465},
  lccn={2010001486},
  url={https://books.google.al/books?id=4TlEPgAACAAJ},
  year={2012},
  publisher={Addison-Wesley}
}
@article{articleWyatt1997,
author = {Wyatt, Jeremy},
year = {1997},
month = {12},
pages = {},
title = {Exploration and Inference in Learning from Reinforcement}
}
@article{DBLP:journals/corr/OsbandBPR16,
  author    = {Ian Osband and
               Charles Blundell and
               Alexander Pritzel and
               Benjamin Van Roy},
  title     = {Deep Exploration via Bootstrapped {DQN}},
  journal   = {CoRR},
  volume    = {abs/1602.04621},
  year      = {2016},
  url       = {http://arxiv.org/abs/1602.04621},
  archivePrefix = {arXiv},
  eprint    = {1602.04621},
  timestamp = {Mon, 13 Aug 2018 16:46:32 +0200},
  biburl    = {https://dblp.org/rec/bib/journals/corr/OsbandBPR16},
  bibsource = {dblp computer science bibliography, https://dblp.org}
}
@article{mnih2015humanlevel,
  added-at = {2015-08-26T14:46:40.000+0200},
  author = {Mnih, Volodymyr and Kavukcuoglu, Koray and Silver, David and Rusu, Andrei A. and Veness, Joel and Bellemare, Marc G. and Graves, Alex and Riedmiller, Martin and Fidjeland, Andreas K. and Ostrovski, Georg and Petersen, Stig and Beattie, Charles and Sadik, Amir and Antonoglou, Ioannis and King, Helen and Kumaran, Dharshan and Wierstra, Daan and Legg, Shane and Hassabis, Demis},
  biburl = {https://www.bibsonomy.org/bibtex/2fb15f4471c81dc2b9edf2304cb2f7083/hotho},
  description = {Human-level control through deep reinforcement learning - nature14236.pdf},
  interhash = {eac59980357d99db87b341b61ef6645f},
  intrahash = {fb15f4471c81dc2b9edf2304cb2f7083},
  issn = {00280836},
  journal = {Nature},
  keywords = {deep learning toread},
  month = feb,
  number = 7540,
  pages = {529--533},
  publisher = {Nature Publishing Group, a division of Macmillan Publishers Limited. All Rights Reserved.},
  timestamp = {2015-08-26T14:46:40.000+0200},
  title = {Human-level control through deep reinforcement learning},
  url = {http://dx.doi.org/10.1038/nature14236},
  volume = 518,
  year = 2015
}
@article{Tesauro:1995:TDL:203330.203343,
 author = {Tesauro, Gerald},
 title = {Temporal Difference Learning and TD-Gammon},
 journal = {Commun. ACM},
 issue_date = {March 1995},
 volume = {38},
 number = {3},
 month = mar,
 year = {1995},
 issn = {0001-0782},
 pages = {58--68},
 numpages = {11},
 url = {http://doi.acm.org/10.1145/203330.203343},
 doi = {10.1145/203330.203343},
 acmid = {203343},
 publisher = {ACM},
 address = {New York, NY, USA},
} 
@inproceedings{Blundell:2015:WUN:3045118.3045290,
 author = {Blundell, Charles and Cornebise, Julien and Kavukcuoglu, Koray and Wierstra, Daan},
 title = {Weight Uncertainty in Neural Networks},
 booktitle = {Proceedings of the 32Nd International Conference on International Conference on Machine Learning - Volume 37},
 series = {ICML'15},
 year = {2015},
 location = {Lille, France},
 pages = {1613--1622},
 numpages = {10},
 url = {http://dl.acm.org/citation.cfm?id=3045118.3045290},
 acmid = {3045290},
 publisher = {JMLR.org},
} 
@inproceedings{Gal:2016:DBA:3045390.3045502,
 author = {Gal, Yarin and Ghahramani, Zoubin},
 title = {Dropout As a Bayesian Approximation: Representing Model Uncertainty in Deep Learning},
 booktitle = {Proceedings of the 33rd International Conference on International Conference on Machine Learning - Volume 48},
 series = {ICML'16},
 year = {2016},
 location = {New York, NY, USA},
 pages = {1050--1059},
 numpages = {10},
 url = {http://dl.acm.org/citation.cfm?id=3045390.3045502},
 acmid = {3045502},
 publisher = {JMLR.org},
} 
@Book{EfroTibs93,
  Title                    = {An Introduction to the Bootstrap},
  Author                   = {Bradley Efron and Robert J. Tibshirani},
  Publisher                = {Chapman \& Hall/CRC},
  Year                     = {1993},

  Address                  = {Boca Raton, Florida, USA},
  Number                   = {57},
  Series                   = {Monographs on Statistics and Applied Probability}
}
@article{bootstrapAsymptotic,
author = {J. Bickel, Peter and A. Freedman, David},
year = {1981},
month = {11},
pages = {},
title = {Some Asymptotic Theory for the Bootstrap},
volume = {9},
booktitle = {The Annals of Statistics}
}
@inproceedings{Hasselt:2016:DRL:3016100.3016191,
 author = {Hasselt, Hado van and Guez, Arthur and Silver, David},
 title = {Deep Reinforcement Learning with Double Q-Learning},
 booktitle = {Proceedings of the Thirtieth AAAI Conference on Artificial Intelligence},
 series = {AAAI'16},
 year = {2016},
 location = {Phoenix, Arizona},
 pages = {2094--2100},
 numpages = {7},
 url = {http://dl.acm.org/citation.cfm?id=3016100.3016191},
 acmid = {3016191},
 publisher = {AAAI Press},
} 
@book{Goodfellow-et-al-2016,
    title={Deep Learning},
    author={Ian Goodfellow and Yoshua Bengio and Aaron Courville},
    publisher={MIT Press},
    note={\url{http://www.deeplearningbook.org}},
    year={2016}
} 
@INPROCEEDINGS{Strens00abayesian,
    author = {Malcolm Strens},
    title = {A Bayesian framework for reinforcement learning},
    booktitle = {In Proceedings of the Seventeenth International Conference on Machine Learning},
    year = {2000},
    pages = {943--950},
    publisher = {ICML}
}
@incollection{NIPS2013_5185,
title = {(More) Efficient Reinforcement Learning via Posterior Sampling},
author = {Osband, Ian and Russo, Daniel and Van Roy, Benjamin},
booktitle = {Advances in Neural Information Processing Systems 26},
editor = {C. J. C. Burges and L. Bottou and M. Welling and Z. Ghahramani and K. Q. Weinberger},
pages = {3003--3011},
year = {2013},
publisher = {Curran Associates, Inc.},
url = {http://papers.nips.cc/paper/5185-more-efficient-reinforcement-learning-via-posterior-sampling.pdf}
}
@inproceedings{Gatsby2003OnTS,
  title={On the Sample Complexity of Reinforcement Learning Sham},
  author={Machandranath Kakade Gatsby},
  year={2003}
}
@article{journals/corr/abs-1204-5721,
  added-at = {2018-08-13T00:00:00.000+0200},
  author = {Bubeck, Sébastien and Cesa-Bianchi, Nicolò},
  biburl = {https://www.bibsonomy.org/bibtex/288f7fe3eb0fc0c21f0811cc092b3c2c1/dblp},
  ee = {http://arxiv.org/abs/1204.5721},
  interhash = {a14cb392a5748926025acac57e9cace1},
  intrahash = {88f7fe3eb0fc0c21f0811cc092b3c2c1},
  journal = {CoRR},
  keywords = {dblp},
  timestamp = {2018-08-14T13:28:59.000+0200},
  title = {Regret Analysis of Stochastic and Nonstochastic Multi-armed Bandit Problems},
  url = {http://dblp.uni-trier.de/db/journals/corr/corr1204.html#abs-1204-5721},
  volume = {abs/1204.5721},
  year = 2012
}
@article{owen2012,
author = "Owen, Art B. and Eckles, Dean",
doi = "10.1214/12-AOAS547",
fjournal = "The Annals of Applied Statistics",
journal = "Ann. Appl. Stat.",
month = "09",
number = "3",
pages = "895--927",
publisher = "The Institute of Mathematical Statistics",
title = "Bootstrapping data arrays of arbitrary order",
url = "https://doi.org/10.1214/12-AOAS547",
volume = "6",
year = "2012"
}
@inproceedings{VanDenOord:2016:PRN:3045390.3045575,
 author = {Van Den Oord, A\"{a}ron and Kalchbrenner, Nal and Kavukcuoglu, Koray},
 title = {Pixel Recurrent Neural Networks},
 booktitle = {Proceedings of the 33rd International Conference on International Conference on Machine Learning - Volume 48},
 series = {ICML'16},
 year = {2016},
 location = {New York, NY, USA},
 pages = {1747--1756},
 numpages = {10},
 url = {http://dl.acm.org/citation.cfm?id=3045390.3045575},
 acmid = {3045575},
 publisher = {JMLR.org},
} 
@book{Kullback59,
  added-at = {2008-09-16T23:39:07.000+0200},
  address = {New York},
  author = {Kullback, Solomon},
  biburl = {https://www.bibsonomy.org/bibtex/28d0af9cdd06af73190b01cc1e04da70b/brian.mingus},
  booktitle = {Information Theory and Statistics},
  description = {CCNLab BibTeX},
  interhash = {03b56ca50da39d05c8832fb6f814ddda},
  intrahash = {8d0af9cdd06af73190b01cc1e04da70b},
  keywords = {stats},
  publisher = {Wiley},
  timestamp = {2008-09-16T23:40:28.000+0200},
  title = {Information Theory and Statistics},
  year = 1959
}
@book{BurnhamModelSelection,
    author = {Burnham, Kenneth P. and Anderson, David R.},
    edition = {2},
    isbn = {0387953647},
    priority = {2},
    publisher = {Springer},
    title = {{Model selection and multimodel inference: a practical information-theoretic approach}},
    year = {2002}
}
@article{DBLP:journals/corr/abs-1710-10044,
  author    = {Will Dabney and
               Mark Rowland and
               Marc G. Bellemare and
               R{\'{e}}mi Munos},
  title     = {Distributional Reinforcement Learning with Quantile Regression},
  journal   = {CoRR},
  volume    = {abs/1710.10044},
  year      = {2017},
  url       = {http://arxiv.org/abs/1710.10044},
  archivePrefix = {arXiv},
  eprint    = {1710.10044},
  timestamp = {Mon, 13 Aug 2018 16:48:27 +0200},
  biburl    = {https://dblp.org/rec/bib/journals/corr/abs-1710-10044},
  bibsource = {dblp computer science bibliography, https://dblp.org}
}



@InProceedings{pmlr-v70-arjovsky17a,
  title = 	 {{W}asserstein Generative Adversarial Networks},
  author = 	 {Martin Arjovsky and Soumith Chintala and L{\'e}on Bottou},
  booktitle = 	 {Proceedings of the 34th International Conference on Machine Learning},
  pages = 	 {214--223},
  year = 	 {2017},
  editor = 	 {Doina Precup and Yee Whye Teh},
  volume = 	 {70},
  series = 	 {Proceedings of Machine Learning Research},
  address = 	 {International Convention Centre, Sydney, Australia},
  month = 	 {06--11 Aug},
  publisher = 	 {PMLR},
  pdf = 	 {http://proceedings.mlr.press/v70/arjovsky17a/arjovsky17a.pdf},
  url = 	 {http://proceedings.mlr.press/v70/arjovsky17a.html}, 
}
@book{koenker2005quantile,
  title={Quantile Regression},
  author={Koenker, R.},
  isbn={9780521608275},
  lccn={2004027656},
  series={Econometric Society Monographs},
  url={https://books.google.al/books?id=hdkt7V4NXsgC},
  year={2005},
  publisher={Cambridge University Press}
}
@TECHREPORT{Tsitsiklis97ananalysis,
    author = {John N. Tsitsiklis and Benjamin Van Roy},
    title = {An analysis of temporal-difference learning with function approximation},
    institution = {IEEE Transactions on Automatic Control},
    year = {1997}
}
@article{huber:1964,
  author = {Huber, Peter J.},
  biburl = {https://www.bibsonomy.org/bibtex/26f23927f8e9d8cf3a33c5ae9d7758767/nilsma},
  doi = {10.1214/aoms/1177703732},
  interhash = {b3b89c57d01fb443cb05ebac15b0592a},
  intrahash = {6f23927f8e9d8cf3a33c5ae9d7758767},
  issn = {0003-4851},
  journal = {Annals of Mathematical Statistics},
  keywords = {mathematics},
  month = mar,
  number = 1,
  pages = {73--101},
  timestamp = {2012-09-01T13:08:56.000+0200},
  title = {Robust estimation of a location parameter},
  url = {http://dx.doi.org/10.1214/aoms/1177703732},
  volume = 35,
  year = 1964
}
@inproceedings{Osband:2016:GEV:3045390.3045641,
 author = {Osband, Ian and Van Roy, Benjamin and Wen, Zheng},
 title = {Generalization and Exploration via Randomized Value Functions},
 booktitle = {Proceedings of the 33rd International Conference on International Conference on Machine Learning - Volume 48},
 series = {ICML'16},
 year = {2016},
 location = {New York, NY, USA},
 pages = {2377--2386},
 numpages = {10},
 url = {http://dl.acm.org/citation.cfm?id=3045390.3045641},
 acmid = {3045641},
 publisher = {JMLR.org},
} 
@inproceedings{Osband2017WhyIP,
  title={Why is Posterior Sampling Better than Optimism for Reinforcement Learning},
  author={Ian Osband and Benjamin Van Roy},
  booktitle={ICML},
  year={2017}
}
@article{DBLP:journals/corr/OsbandR15,
  author    = {Ian Osband and
               Benjamin Van Roy},
  title     = {Bootstrapped Thompson Sampling and Deep Exploration},
  journal   = {CoRR},
  volume    = {abs/1507.00300},
  year      = {2015},
  url       = {http://arxiv.org/abs/1507.00300},
  archivePrefix = {arXiv},
  eprint    = {1507.00300},
  timestamp = {Mon, 13 Aug 2018 01:00:00 +0200},
  biburl    = {https://dblp.org/rec/bib/journals/corr/OsbandR15},
  bibsource = {dblp computer science bibliography, https://dblp.org}
}
@article{Osband2017DeepEV,
  title={Deep Exploration via Randomized Value Functions},
  author={Ian Osband and Daniel Russo and Zheng Wen and Benjamin Van Roy},
  journal={CoRR},
  year={2017},
  volume={abs/1703.07608}
}
@TECHREPORT{Doan95decision-theoreticrefinement,
    author = {Anhai Doan and Peter Haddawy},
    title = {Decision-Theoretic Refinement Planning: Principles and Application},
    institution = {},
    year = {1995}
}
@book{Russell:1991:RTS:110787,
 author = {Russell, Stuart and Wefald, Eric},
 title = {Do the Right Thing: Studies in Limited Rationality},
 year = {1991},
 isbn = {0-262-18144-4},
 publisher = {MIT Press},
 address = {Cambridge, MA, USA},
} 


@InProceedings{pmlr-v48-deramo16,
  title = 	 {Estimating Maximum Expected Value through Gaussian Approximation},
  author = 	 {Carlo D’Eramo and Marcello Restelli and Alessandro Nuara},
  booktitle = 	 {Proceedings of The 33rd International Conference on Machine Learning},
  pages = 	 {1032--1040},
  year = 	 {2016},
  editor = 	 {Maria Florina Balcan and Kilian Q. Weinberger},
  volume = 	 {48},
  series = 	 {Proceedings of Machine Learning Research},
  address = 	 {New York, New York, USA},
  month = 	 {20--22 Jun},
  publisher = 	 {PMLR},
  pdf = 	 {http://proceedings.mlr.press/v48/deramo16.pdf},
  url = 	 {http://proceedings.mlr.press/v48/deramo16.html},
  }
@incollection{NIPS2017_7149,
title = {Learning from uncertain curves: The 2-Wasserstein metric for Gaussian processes},
author = {Mallasto, Anton and Feragen, Aasa},
booktitle = {Advances in Neural Information Processing Systems 30},
editor = {I. Guyon and U. V. Luxburg and S. Bengio and H. Wallach and R. Fergus and S. Vishwanathan and R. Garnett},
pages = {5660--5670},
year = {2017},
publisher = {Curran Associates, Inc.},
url = {http://papers.nips.cc/paper/7149-learning-from-uncertain-curves-the-2-wasserstein-metric-for-gaussian-processes.pdf}
}
@book{Steele:2004:CMC:993490,
 author = {Steele, J. Michael},
 title = {The Cauchy-Schwarz Master Class: An Introduction to the Art of Mathematical Inequalities},
 year = {2004},
 isbn = {052154677X},
 publisher = {Cambridge University Press},
 address = {New York, NY, USA},
} 
@article{journals/siamma/AguehC11,
  added-at = {2011-04-26T00:00:00.000+0200},
  author = {Agueh, Martial and Carlier, Guillaume},
  biburl = {https://www.bibsonomy.org/bibtex/2c9be760dd924d298a2a8a85d5c7d80f6/dblp},
  ee = {http://dx.doi.org/10.1137/100805741},
  interhash = {b32eedec97138775c74cf1ac2d64f5bd},
  intrahash = {c9be760dd924d298a2a8a85d5c7d80f6},
  journal = {SIAM J. Math. Analysis},
  keywords = {dblp},
  number = 2,
  pages = {904-924},
  timestamp = {2011-04-29T15:25:19.000+0200},
  title = {Barycenters in the Wasserstein Space.},
  url = {http://dblp.uni-trier.de/db/journals/siamma/siamma43.html#AguehC11},
  volume = 43,
  year = 2011
}
@article{Bellemare:2013:ALE:2566972.2566979,
 author = {Bellemare, Marc G. and Naddaf, Yavar and Veness, Joel and Bowling, Michael},
 title = {The Arcade Learning Environment: An Evaluation Platform for General Agents},
 journal = {J. Artif. Int. Res.},
 issue_date = {May 2013},
 volume = {47},
 number = {1},
 month = may,
 year = {2013},
 issn = {1076-9757},
 pages = {253--279},
 numpages = {27},
 url = {http://dl.acm.org/citation.cfm?id=2566972.2566979},
 acmid = {2566979},
 publisher = {AI Access Foundation},
 address = {USA},
} 
@article{DBLP:journals/corr/cs-LG-9905014,
  author    = {Thomas G. Dietterich},
  title     = {Hierarchical Reinforcement Learning with the {MAXQ} Value Function
               Decomposition},
  journal   = {CoRR},
  volume    = {cs.LG/9905014},
  year      = {1999},
  url       = {http://arxiv.org/abs/cs.LG/9905014},
  timestamp = {Mon, 13 Aug 2018 16:47:23 +0200},
  biburl    = {https://dblp.org/rec/bib/journals/corr/cs-LG-9905014},
  bibsource = {dblp computer science bibliography, https://dblp.org}
}
@article{Strehl2008AnAO,
  title={An analysis of model-based Interval Estimation for Markov Decision Processes},
  author={Alexander L. Strehl and Michael L. Littman},
  journal={J. Comput. Syst. Sci.},
  year={2008},
  volume={74},
  pages={1309-1331}
}
@inproceedings{DBLP:conf/icml/FruitPLO18,
  author    = {Ronan Fruit and
               Matteo Pirotta and
               Alessandro Lazaric and
               Ronald Ortner},
  title     = {Efficient Bias-Span-Constrained Exploration-Exploitation in Reinforcement
               Learning},
  booktitle = {{ICML}},
  series    = {{JMLR} Workshop and Conference Proceedings},
  volume    = {80},
  pages     = {1573--1581},
  publisher = {JMLR.org},
  year      = {2018}
}
@book{hastie01statisticallearning,
  added-at = {2008-05-16T16:17:42.000+0200},
  address = {New York, NY, USA},
  author = {Hastie, Trevor and Tibshirani, Robert and Friedman, Jerome},
  biburl = {https://www.bibsonomy.org/bibtex/2f58afc5c9793fcc8ad8389824e57984c/sb3000},
  interhash = {d585aea274f2b9b228fc1629bc273644},
  intrahash = {f58afc5c9793fcc8ad8389824e57984c},
  keywords = {ml statistics},
  publisher = {Springer New York Inc.},
  series = {Springer Series in Statistics},
  timestamp = {2008-05-16T16:17:43.000+0200},
  title = {The Elements of Statistical Learning},
  year = 2001
}


